<?xml version="1.0" encoding="UTF-8"?><record xmlns="http://www.loc.gov/MARC21/slim" xmlns:cinclude="http://apache.org/cocoon/include/1.0" xmlns:zs="http://www.loc.gov/zing/srw/">
  <leader>00357nz  a2200121n  4500</leader>
  <controlfield tag="001">n  93110750 </controlfield>
  <controlfield tag="003">DLC</controlfield>
  <controlfield tag="005">19931110142237.1</controlfield>
  <controlfield tag="008">931110n| acannaab|          |n aaa |||  </controlfield>
  <datafield tag="010" ind1=" " ind2=" ">
    <subfield code="a">n  93110750 </subfield>
  </datafield>
  <datafield tag="040" ind1=" " ind2=" ">
    <subfield code="a">DLC</subfield>
    <subfield code="c">DLC</subfield>
  </datafield>
  <datafield tag="100" ind1="1" ind2="0">
    <subfield code="a">Wolff, Paul</subfield>
  </datafield>
  <datafield tag="670" ind1=" " ind2=" ">
    <subfield code="a">His A checklist of musical instruments from the east- and south-east Asian mainland, 1989:</subfield>
    <subfield code="b">t.p. (Paul Wolff)</subfield>
  </datafield>
</record>